@Manual{R-base,
  title = {R: A Language and Environment for Statistical Computing},
  author = {{R Core Team}},
  organization = {R Foundation for Statistical Computing},
  address = {Vienna, Austria},
  year = {2021},
  url = {https://www.R-project.org/},
}

@Manual{R-blogdown,
  title = {blogdown: Create Blogs and Websites with R Markdown},
  author = {Yihui Xie and Christophe Dervieux and Alison {Presmanes Hill}},
  year = {2021},
  note = {R package version 1.3},
  url = {https://CRAN.R-project.org/package=blogdown},
}

@Manual{R-bookdown,
  title = {bookdown: Authoring Books and Technical Documents with R Markdown},
  author = {Yihui Xie},
  year = {2020},
  note = {R package version 0.21},
  url = {https://github.com/rstudio/bookdown},
}

@Manual{R-bookdownplus,
  title = {bookdownplus: Generate Assorted Books and Documents with R bookdown Package},
  author = {Peng Zhao},
  year = {2020},
  note = {R package version 1.5.8},
  url = {https://github.com/pzhaonet/bookdownplus},
}

@Manual{R-citr,
  title = {citr: RStudio Add-in to Insert Markdown Citations},
  author = {Frederik Aust},
  year = {2019},
  note = {R package version 0.3.2},
  url = {https://github.com/crsh/citr},
}

@Manual{R-distill,
  title = {distill: R Markdown Format for Scientific and Technical Writing},
  author = {JJ Allaire and Rich Iannone and Alison {Presmanes Hill} and Yihui Xie},
  year = {2021},
  note = {R package version 1.2},
  url = {https://CRAN.R-project.org/package=distill},
}

@Manual{R-flexdashboard,
  title = {flexdashboard: R Markdown Format for Flexible Dashboards},
  author = {Richard Iannone and JJ Allaire and Barbara Borges},
  year = {2020},
  note = {R package version 0.5.2},
  url = {http://rmarkdown.rstudio.com/flexdashboard},
}

@Manual{R-ggplot2,
  title = {ggplot2: Create Elegant Data Visualisations Using the Grammar of Graphics},
  author = {Hadley Wickham and Winston Chang and Lionel Henry and Thomas Lin Pedersen and Kohske Takahashi and Claus Wilke and Kara Woo and Hiroaki Yutani and Dewey Dunnington},
  year = {2020},
  note = {R package version 3.3.3},
  url = {https://CRAN.R-project.org/package=ggplot2},
}

@Manual{R-gm,
  title = {gm: Generate Music Easily and Show Them Anywhere},
  author = {Renfei Mao},
  year = {2021},
  note = {R package version 1.0.2},
  url = {https://CRAN.R-project.org/package=gm},
}

@Manual{R-govdown,
  title = {govdown: GOV.UK Style Templates for R Markdown},
  author = {Duncan Garmonsway},
  year = {2021},
  note = {R package version 0.10.1},
  url = {https://ukgovdatascience.github.io/govdown/},
}

@Manual{R-officedown,
  title = {officedown: Enhanced R Markdown Format for Word and PowerPoint},
  author = {David Gohel and Noam Ross},
  year = {2021},
  note = {R package version 0.2.2},
  url = {https://CRAN.R-project.org/package=officedown},
}

@Manual{R-officer,
  title = {officer: Manipulation of Microsoft Word and PowerPoint Documents},
  author = {David Gohel},
  year = {2021},
  note = {R package version 0.3.18},
  url = {https://CRAN.R-project.org/package=officer},
}

@Manual{R-pagedown,
  title = {pagedown: Paginate the HTML Output of R Markdown with CSS for Print},
  author = {Yihui Xie and Romain Lesur and Brent Thorne and Xianying Tan},
  year = {2021},
  note = {R package version 0.14},
  url = {https://github.com/rstudio/pagedown},
}

@Manual{R-redoc,
  title = {redoc: Reversible Reproducible Documents},
  author = {Noam Ross},
  year = {2021},
  note = {R package version 0.1.0.9000},
  url = {https://github.com/noamross/redoc},
}

@Manual{R-rmarkdown,
  title = {rmarkdown: Dynamic Documents for R},
  author = {JJ Allaire and Yihui Xie and Jonathan McPherson and Javier Luraschi and Kevin Ushey and Aron Atkins and Hadley Wickham and Joe Cheng and Winston Chang and Richard Iannone},
  year = {2021},
  note = {R package version 2.7},
  url = {https://CRAN.R-project.org/package=rmarkdown},
}

@Manual{R-rmdformats,
  title = {rmdformats: HTML Output Formats and Templates for rmarkdown Documents},
  author = {Julien Barnier},
  year = {2021},
  note = {R package version 1.0.1},
  url = {https://github.com/juba/rmdformats},
}

@Manual{R-rticles,
  title = {rticles: Article Formats for R Markdown},
  author = {JJ Allaire and Yihui Xie and {R Foundation} and Hadley Wickham and {Journal of Statistical Software} and Ramnath  Vaidyanathan and {Association for Computing Machinery} and Carl Boettiger and {Elsevier} and Karl Broman and Kirill Mueller and Bastiaan Quast and Randall  Pruim and Ben Marwick and Charlotte Wickham and Oliver Keyes and Miao Yu and Daniel Emaasit and Thierry Onkelinx and Alessandro Gasparini and Marc-Andre Desautels and Dominik Leutnant and {MDPI} and {Taylor and Francis} and Oğuzhan Öğreden and Dalton Hance and Daniel Nüst and Petter Uvesten and Elio Campitelli and John Muschelli and Alex Hayes and Zhian N. Kamvar and Noam Ross and Robrecht Cannoodt and Duncan Luguern and David M. Kaplan and Sebastian Kreutzer and Shixiang Wang and Jay Hesselberth and Christophe Dervieux},
  year = {2021},
  note = {R package version 0.19},
  url = {https://github.com/rstudio/rticles},
}

@Manual{R-tinytex,
  title = {tinytex: Helper Functions to Install and Maintain TeX Live, and Compile
LaTeX Documents},
  author = {Yihui Xie},
  year = {2021},
  note = {R package version 0.31.3},
  url = {https://github.com/yihui/tinytex},
}

@Manual{R-tufte,
  title = {tufte: Tufte's Styles for R Markdown Documents},
  author = {Yihui Xie and JJ Allaire},
  year = {2020},
  note = {R package version 0.9},
  url = {https://github.com/rstudio/tufte},
}

@Manual{R-xaringan,
  title = {xaringan: Presentation Ninja},
  author = {Yihui Xie},
  year = {2021},
  note = {R package version 0.20},
  url = {https://github.com/yihui/xaringan},
}

@Manual{R-ymlthis,
  title = {ymlthis: Write YAML for R Markdown, bookdown, blogdown, and More},
  author = {Malcolm Barrett and Richard Iannone},
  year = {2021},
  note = {R package version 0.1.4},
  url = {https://CRAN.R-project.org/package=ymlthis},
}

@Book{blogdown2017,
  title = {blogdown: Creating Websites with {R} Markdown},
  author = {Yihui Xie and Alison Presmanes Hill and Amber Thomas},
  publisher = {Chapman and Hall/CRC},
  address = {Boca Raton, Florida},
  year = {2017},
  note = {ISBN 978-0815363729},
  url = {https://bookdown.org/yihui/blogdown/},
}

@Book{bookdown2016,
  title = {bookdown: Authoring Books and Technical Documents with {R} Markdown},
  author = {Yihui Xie},
  publisher = {Chapman and Hall/CRC},
  address = {Boca Raton, Florida},
  year = {2016},
  note = {ISBN 978-1138700109},
  url = {https://github.com/rstudio/bookdown},
}

@Book{ggplot22016,
  author = {Hadley Wickham},
  title = {ggplot2: Elegant Graphics for Data Analysis},
  publisher = {Springer-Verlag New York},
  year = {2016},
  isbn = {978-3-319-24277-4},
  url = {https://ggplot2.tidyverse.org},
}

@Book{rmarkdown2018,
  title = {R Markdown: The Definitive Guide},
  author = {Yihui Xie and J.J. Allaire and Garrett Grolemund},
  publisher = {Chapman and Hall/CRC},
  address = {Boca Raton, Florida},
  year = {2018},
  note = {ISBN 9781138359338},
  url = {https://bookdown.org/yihui/rmarkdown},
}

@Book{rmarkdown2020,
  title = {R Markdown Cookbook},
  author = {Yihui Xie and Christophe Dervieux and Emily Riederer},
  publisher = {Chapman and Hall/CRC},
  address = {Boca Raton, Florida},
  year = {2020},
  note = {ISBN 9780367563837},
  url = {https://bookdown.org/yihui/rmarkdown-cookbook},
}

@Article{tinytex2019,
  title = {TinyTeX: A lightweight, cross-platform, and easy-to-maintain LaTeX distribution based on TeX Live},
  author = {Yihui Xie},
  journal = {TUGboat},
  year = {2019},
  volumne = {40},
  number = {1},
  pages = {30--32},
  url = {http://tug.org/TUGboat/Contents/contents40-1.html},
}

