
@book{Eguchi2018,
  title = {自然科学研究のためのR入門},
  author = {江口, 哲史},
  editor = {石田, 基広 and 市川, 太祐 and 高橋, 康介 and 高柳, 慎一},
  date = {2018},
  publisher = {{共立出版}},
  location = {{東京}},
  annotation = {OCLC: 1065088490},
  isbn = {978-4-320-11244-5},
  langid = {japanese},
  number = {4},
  series = {Wonderful R},
  yomi = {えぐち}
}

@book{healy2018Data,
  title = {Data Visualization: A Practical Introduction},
  shorttitle = {Data Visualization},
  author = {Healy, Kieran},
  date = {2018},
  publisher = {{Princeton University Press}},
  location = {{Princeton, NJ}},
  url = {https://socviz.co/},
  isbn = {978-0-691-18161-5 978-0-691-18162-2},
  jauthor = {瓜生真也・江口哲史・三村喬生},
  jpublisher = {講談社},
  jtitle = {データ分析のためのデータ可視化入門},
  jyear = {2021}
}

@book{KinTakahashi2014,
  title = {ドキュメント・プレゼンテーション生成},
  author = {金, 明哲 and 高橋, 康介},
  date = {2014},
  publisher = {{共立出版}},
  location = {{東京}},
  annotation = {OCLC: 885012968},
  isbn = {978-4-320-12372-4},
  langid = {japanese},
  number = {9},
  series = {Useful R},
  yomi = {きんめいてつたかはしこうすけ}
}

@software{lyngs2019Oxforddown,
  title = {Oxforddown: {{An Oxford University Thesis Template}} for {{R Markdown}}},
  shorttitle = {Oxforddown},
  author = {Lyngs, Ulrik},
  date = {2019-10-14},
  doi = {10.5281/ZENODO.3484682},
  url = {https://zenodo.org/record/3484682},
  urldate = {2021-04-18},
  keywords = {open science,phd thesis template,r markdown,reproducibility},
  organization = {{Zenodo}},
  version = {1.1-alpha}
}

@book{Takahashi2018,
  title = {再現可能性のすゝめ RStudio によるデータ解析とレポート作成},
  author = {高橋, 康介},
  editor = {石田, 基広 and 市川, 太祐 and 高柳, 慎一},
  date = {2018},
  volume = {3},
  publisher = {{共立出版}},
  location = {{東京}},
  annotation = {OCLC: 1041864087},
  isbn = {978-4-320-11243-8},
  langid = {japanese},
  number = {3},
  series = {Wonderful R}
}

@book{xie2015Dynamic,
  title = {Dynamic Documents with {{R}} and {{Knitr}}},
  author = {Xie, Yihui},
  date = {2015},
  edition = {Second edition},
  publisher = {{CRC Press/Taylor \& Francis}},
  location = {{Boca Raton}},
  isbn = {978-1-4987-1696-3},
  keywords = {Computer programs,Corporation reports,Data processing,Knitr,Mathematical statistics,R (Computer program language),Statistics,Technical reports,Technical writing},
  pagetotal = {266}
}

@book{xie2017Bookdown,
  title = {Bookdown: Authoring Books and Technical Publications with {{R Markdown}}},
  shorttitle = {Bookdown},
  author = {Xie, Yihui},
  date = {2017},
  publisher = {{CRC Press}},
  location = {{Boca Raton, FL}},
  url = {https://bookdown.org/yihui/bookdown/},
  isbn = {978-1-138-70010-9},
  keywords = {Bookdown,Computer programs,Desktop publishing,Technical writing}
}

@book{xie2019Markdown,
  title = {R {{Markdown}}: The Definitive Guide},
  shorttitle = {R {{Markdown}}},
  author = {Xie, Yihui and Allaire, J. J. and Grolemund, Garrett},
  date = {2019},
  publisher = {{CRC Press, Taylor and Francis Group}},
  location = {{Boca Raton}},
  url = {https://bookdown.org/yihui/rmarkdown/},
  isbn = {978-0-429-78296-1},
  keywords = {Computer programs,Markdown (Document markup language),R (Computer program language),Web site development},
  pagetotal = {1}
}

@book{xie2020Markdowna,
  title = {R Markdown Cookbook},
  author = {Xie, Yihui and Dervieux, Christophe and Riederer, Emily},
  date = {2020},
  edition = {1},
  publisher = {{Taylor and Francis, CRC Press}},
  location = {{Boca Raton}},
  url = {https://bookdown.org/yihui/rmarkdown-cookbook/},
  isbn = {978-0-367-56383-7 978-0-367-56382-0},
  note = {翻訳版: \url{https://gedevan-aleksizde.github.io/rmarkdown-cookbook/}},
  series = {The {{R Series}}}
}


